{
  "leader": "05070cam  2200529Ia 4500",
  "fields": [
    {
      "001": "ocn549145736"
    },
    {
      "003": "OCoLC"
    },
    {
      "005": "20211115140225.0"
    },
    {
      "008": "100305s2010\\\\\\\\gw\\a\\\\\\\\\\b\\\\\\\\100\\0\\ger\\d"
    },
    {
      "010": {
        "ind1": "\\",
        "ind2": "\\",
        "subfields": [
          {
            "a": "  2010483353"
          }
        ]
      }
    },
    {
      "040": {
        "ind1": "\\",
        "ind2": "\\",
        "subfields": [
          {
            "a": "OHX"
          },
          {
            "b": "eng"
          },
          {
            "c": "OHX"
          },
          {
            "d": "LHM"
          },
          {
            "d": "GWDNB"
          },
          {
            "d": "DLC"
          },
          {
            "d": "OCLCQ"
          },
          {
            "d": "DEBBG"
          },
          {
            "d": "OCLCQ"
          },
          {
            "d": "YDXCP"
          },
          {
            "d": "OCLCF"
          },
          {
            "d": "BTCTA"
          },
          {
            "d": "OCLCQ"
          },
          {
            "d": "CHVBK"
          },
          {
            "d": "OCLCO"
          },
          {
            "d": "OCL"
          },
          {
            "d": "OCLCQ"
          }
        ]
      }
    },
    {
      "016": {
        "ind1": "7",
        "ind2": "\\",
        "subfields": [
          {
            "a": "99932845X"
          },
          {
            "2": "DE-101"
          }
        ]
      }
    },
    {
      "020": {
        "ind1": "\\",
        "ind2": "\\",
        "subfields": [
          {
            "a": "9783631576298"
          },
          {
            "q": "(pbk.)"
          }
        ]
      }
    },
    {
      "020": {
        "ind1": "\\",
        "ind2": "\\",
        "subfields": [
          {
            "a": "3631576293"
          },
          {
            "q": "(pbk.)"
          }
        ]
      }
    },
    {
      "035": {
        "ind1": "\\",
        "ind2": "\\",
        "subfields": [
          {
            "a": "(OCoLC)549145736"
          }
        ]
      }
    },
    {
      "041": {
        "ind1": "0",
        "ind2": "\\",
        "subfields": [
          {
            "a": "ger"
          },
          {
            "a": "eng"
          }
        ]
      }
    },
    {
      "043": {
        "ind1": "\\",
        "ind2": "\\",
        "subfields": [
          {
            "a": "e-gx---"
          }
        ]
      }
    },
    {
      "050": {
        "ind1": "\\",
        "ind2": "4",
        "subfields": [
          {
            "a": "Q127.G3"
          },
          {
            "b": "J46 2010"
          }
        ]
      }
    },
    {
      "072": {
        "ind1": "\\",
        "ind2": "7",
        "subfields": [
          {
            "a": "AS"
          },
          {
            "2": "lcco"
          }
        ]
      }
    },
    {
      "072": {
        "ind1": "\\",
        "ind2": "7",
        "subfields": [
          {
            "a": "DD"
          },
          {
            "2": "lcco"
          }
        ]
      }
    },
    {
      "082": {
        "ind1": "0",
        "ind2": "4",
        "subfields": [
          {
            "a": "338.94306"
          },
          {
            "b": "JEN"
          }
        ]
      }
    },
    {
      "245": {
        "ind1": "0",
        "ind2": "0",
        "subfields": [
          {
            "a": "Jenseits von Humboldt :"
          },
          {
            "b": "Wissenschaft im Staat 1850-1990 /"
          },
          {
            "c": "Axel C. H\ufffduntelmann, Michael C. Schneider (Hrsg.)."
          }
        ]
      }
    },
    {
      "260": {
        "ind1": "\\",
        "ind2": "\\",
        "subfields": [
          {
            "a": "Frankfurt am Main :"
          },
          {
            "b": "Lang,"
          },
          {
            "c": "2010."
          }
        ]
      }
    },
    {
      "300": {
        "ind1": "\\",
        "ind2": "\\",
        "subfields": [
          {
            "a": "359 pages ;"
          },
          {
            "c": "22 cm."
          }
        ]
      }
    },
    {
      "336": {
        "ind1": "\\",
        "ind2": "\\",
        "subfields": [
          {
            "a": "text"
          },
          {
            "b": "txt"
          },
          {
            "2": "rdacontent"
          }
        ]
      }
    },
    {
      "337": {
        "ind1": "\\",
        "ind2": "\\",
        "subfields": [
          {
            "a": "unmediated"
          },
          {
            "b": "n"
          },
          {
            "2": "rdamedia"
          }
        ]
      }
    },
    {
      "338": {
        "ind1": "\\",
        "ind2": "\\",
        "subfields": [
          {
            "a": "volume"
          },
          {
            "b": "nc"
          },
          {
            "2": "rdacarrier"
          }
        ]
      }
    },
    {
      "490": {
        "ind1": "1",
        "ind2": "\\",
        "subfields": [
          {
            "a": "Berliner Beitr\ufffdage zur Wissenschaftsgeschichte,"
          },
          {
            "x": "1867-920X ;"
          },
          {
            "v": "Bd. 13"
          }
        ]
      }
    },
    {
      "546": {
        "ind1": "\\",
        "ind2": "\\",
        "subfields": [
          {
            "a": "One English, 17 German contributions."
          }
        ]
      }
    },
    {
      "500": {
        "ind1": "\\",
        "ind2": "\\",
        "subfields": [
          {
            "a": "Papers from a Nov. 2006 conference held at the Charit\ufffde in Berlin, Germany."
          }
        ]
      }
    },
    {
      "504": {
        "ind1": "\\",
        "ind2": "\\",
        "subfields": [
          {
            "a": "Includes bibliographical references."
          }
        ]
      }
    },
    {
      "505": {
        "ind1": "0",
        "ind2": "\\",
        "subfields": [
          {
            "a": "Einleitung : Wissenschaft im Staat jenseits von Humboldt 1850-1990 / Axel C. H\ufffduntelmann, Michael C. Schneider -- Ressortforschung und Wissenschaft im 20. Jahrhundert : das Beispiel der Reichs- und Bundesanstalten im Bereich der Ern\ufffdahrung / Ulrike Thoms -- Die Gr\ufffdundung des Deutschen Historischen Instituts in Paris im Jahre 1958 / Ulrich Pfeil -- Der verl\ufffdangerte Arm der Kultusministerien in der Bildungsforschung : die staatsnahen Bildungsforschungsinstitute in den 1960er und 1970er Jahren / Wilfried Rudloff -- Im Spannungsfeld zwischen Staat und Wissenschaft : die Kaiser-Wilhelm-Gesellschaft im Nationalsozialismus / R\ufffdudiger Hachtmann -- Die Deutsche Atomkommission : eine biopolitische Institution der fr\ufffduhen Bundesrepublik und die Naturalisierung der Risikopolitik / Alexander von Schwerin -- Die Alexander von Humboldt-Stiftung : Wissenschaftleraustausch im Spannungsfeld von Staat und Wissenschaft / Christoph Nensa -- Internationale Forschungslenkung : Malariaforschung im Rahmen des Malaria Eradication Programme der World Health Organization 1955-1972 / Marion A. Hulverscheidt -- Die Produktion der Wehrbev\ufffdolkerung : Milit\ufffdarmedizin und Demografie in Deutschland vor dem Ersten Weltkrieg / Heinrich Hartmann -- Die Entwicklung der Wehrpsychologie in Deutschland von 1914-1945 und die \ufffduber die Entwicklung gef\ufffduhrte Auseinandersetzung in der Nachkriegszeit / Johannes Platz -- Eigenartige Sonderstellung in der Welt : das K\ufffdoniglich Preussische Institut f\ufffdur Experimentelle Therapie und das Georg Speyer-Haus im Deutschen Kaiserreich / Axel C. H\ufffduntelmann-- Private Wissenschaft und staatliches Interesse? : Forschung am Rockefeller Institute for Medical Research zwischen 1901 und 1925 / Heiner Fangerau -- Wissenschaft, Forschungsplanung und \"unsichtbarer Staat\" : deutsche Krebsforschung vor und nach 1945 und die Vorgeschichte des Deutschen Krebsforschungszentrums / Gabriele Maser -- For state and society? : the production of official statistics in 19th-century Belgium / Nele Bracke -- Das Preussische Statistische Bureau in der zweiten H\ufffdalfte des 19. Jahrhunderts als Organisation der Wissensproduktion / Michael C. Schneider -- Staat und Wissenschaft in der DDR : zu den Organisationsformen von Forschung und Wissenschaft in einer modernen Diktatur / Tobias Kaiser -- Absolventenproduktion f\ufffdur die staatliche Plan\ufffdokonomie : die Gr\ufffdundung von Spezialhochschulen in der DDR in den 1950er Jahren / Johannes Raschka -- Grossforschung im Staatssozialismus : Plan und Scheitern des Jenaer Kooperationsverbundes Wissenschaftlicher Ger\ufffdatebau, 1968/1971 / R\ufffdudiger Stutz -- Das produktive Potential der Wissensgesellschaft : \ufffdUberlegungen zur Historisierung eines soziologischen Begriffs / Verena Witte."
          }
        ]
      }
    },
    {
      "650": {
        "ind1": "\\",
        "ind2": "0",
        "subfields": [
          {
            "a": "Science and state"
          },
          {
            "z": "Germany"
          },
          {
            "x": "History"
          },
          {
            "v": "Congresses."
          }
        ]
      }
    },
    {
      "650": {
        "ind1": "\\",
        "ind2": "0",
        "subfields": [
          {
            "a": "Science and state"
          },
          {
            "x": "History"
          },
          {
            "v": "Congresses."
          }
        ]
      }
    },
    {
      "650": {
        "ind1": "\\",
        "ind2": "7",
        "subfields": [
          {
            "a": "Science and state."
          },
          {
            "2": "fast"
          },
          {
            "0": "(OCoLC)fst01108536"
          }
        ]
      }
    },
    {
      "651": {
        "ind1": "\\",
        "ind2": "7",
        "subfields": [
          {
            "a": "Germany."
          },
          {
            "2": "fast"
          },
          {
            "0": "(OCoLC)fst01210272"
          }
        ]
      }
    },
    {
      "655": {
        "ind1": "\\",
        "ind2": "7",
        "subfields": [
          {
            "a": "Conference papers and proceedings."
          },
          {
            "2": "fast"
          },
          {
            "0": "(OCoLC)fst01423772"
          }
        ]
      }
    },
    {
      "655": {
        "ind1": "\\",
        "ind2": "7",
        "subfields": [
          {
            "a": "History."
          },
          {
            "2": "fast"
          },
          {
            "0": "(OCoLC)fst01411628"
          }
        ]
      }
    },
    {
      "700": {
        "ind1": "1",
        "ind2": "\\",
        "subfields": [
          {
            "a": "H\ufffduntelmann, Axel C."
          }
        ]
      }
    },
    {
      "700": {
        "ind1": "1",
        "ind2": "\\",
        "subfields": [
          {
            "a": "Schneider, Michael C.,"
          },
          {
            "d": "1968-"
          }
        ]
      }
    },
    {
      "830": {
        "ind1": "\\",
        "ind2": "0",
        "subfields": [
          {
            "a": "Berliner Beitr\ufffdage zur Wissenschaftsgeschichte ;"
          },
          {
            "v": "Bd. 13."
          },
          {
            "x": "1867-920X"
          }
        ]
      }
    },
    {
      "856": {
        "ind1": "4",
        "ind2": "1",
        "subfields": [
          {
            "3": "Table of contents"
          },
          {
            "u": "http://bvbr.bib-bvb.de:8991/F?func=service&doc_library=BVB01&doc_number=018924779&line_number=0001&func_code=DB_RECORDS&service_type=MEDIA"
          }
        ]
      }
    },
    {
      "856": {
        "ind1": "4",
        "ind2": "1",
        "subfields": [
          {
            "3": "Table of contents"
          },
          {
            "u": "http://bvbr.bib-bvb.de:8991/F?func=service&doc_library=BVB01&local_base=BVB01&doc_number=018924779&line_number=0001&func_code=DB_RECORDS&service_type=MEDIA"
          }
        ]
      }
    },
    {
      "856": {
        "ind1": "4",
        "ind2": "1",
        "subfields": [
          {
            "u": "http://d-nb.info/99932845x/04"
          },
          {
            "3": "Table of contents from Deutsche Nationalbibliothek"
          }
        ]
      }
    },
    {
      "994": {
        "ind1": "\\",
        "ind2": "\\",
        "subfields": [
          {
            "a": "Z0"
          },
          {
            "b": "NYRVC"
          }
        ]
      }
    },
    {
      "948": {
        "ind1": "\\",
        "ind2": "\\",
        "subfields": [
          {
            "h": "NO HOLDINGS IN NYRVC - 28 OTHER HOLDINGS"
          }
        ]
      }
    },
    {
      "999": {
        "ind1": "\\",
        "ind2": "\\",
        "subfields": [
          {
            "a": "00000000018395"
          }
        ]
      }
    }
  ]
}